@book{cox,
    author = {Cox, David and Little, John and O'Shea, Donal},
    month = {Jul},
    publisher = {Springer},
    series = {(Undergraduate Texts in Mathematics)},
    title = {{Ideals, Varieties, and Algorithms : An Introduction to Computational Algebraic Geometry and Commutative Algebra}},
    year = {2005}
}


